
@article{chenrodden,
number = {3},
volume = {8},
pages = {239-269},
year = {2013},
title = {Unintentional Gerrymandering: Political Geography and Electoral Bias in Legislatures},
author = {Jowei Chen and Jonathan Rodden},
url = {http://dx.doi.org/10.1561/100.00012033},
journal = {Quarterly Journal of Political Science},
doi = {10.1561/100.00012033},
issn = {1554-0626}
}

